<record><leader>00000cas a22000007a 4500</leader><controlfield tag="001">9633644</controlfield><controlfield tag="008">830622d18951896ohudr ne      0    0eng d</controlfield><controlfield tag="009">3783</controlfield><datafield ind1=" " ind2=" " tag="010"><subfield code="a">sn 83035235 </subfield></datafield><datafield ind1=" " ind2=" " tag="040"><subfield code="a">NPY</subfield><subfield code="b">eng</subfield><subfield code="c">NPY</subfield><subfield code="d">ONP</subfield><subfield code="d">OCLCQ</subfield></datafield><datafield ind1=" " ind2=" " tag="042"><subfield code="a">msc</subfield></datafield><datafield ind1="0" ind2="0" tag="245"><subfield code="a">Conneaut daily herald.</subfield></datafield><datafield ind1=" " ind2=" " tag="260"><subfield code="a">Conneaut, Ohio :</subfield><subfield code="b">Rieg &amp; Smith Pub. Co.,</subfield><subfield code="c">1895-1896.</subfield></datafield><datafield ind1=" " ind2=" " tag="300"><subfield code="a">2 v. :</subfield><subfield code="b">ill. ;</subfield><subfield code="c">54-57 cm.</subfield></datafield><datafield ind1=" " ind2=" " tag="310"><subfield code="a">Daily (except Sun.)</subfield></datafield><datafield ind1="0" ind2=" " tag="362"><subfield code="a">Vol. 1, no. 1 (Apr. 11, 1895)-v. 2, no. 406 (Aug. 5, 1896).</subfield></datafield><datafield ind1=" " ind2=" " tag="752"><subfield code="a">United States</subfield><subfield code="b">Ohio</subfield><subfield code="c">Ashtabula</subfield><subfield code="d">Conneaut.</subfield></datafield><datafield ind1="0" ind2="0" tag="780"><subfield code="t">Conneaut herald</subfield><subfield code="w">(DLC)sn 83035234</subfield></datafield><datafield ind1="0" ind2="7" tag="785"><subfield code="t">Conneaut evening post</subfield><subfield code="w">(DLC)sn 83035236</subfield></datafield><datafield ind1="0" ind2="7" tag="785"><subfield code="t">Conneaut post-herald (Conneaut, Ohio : 1896)</subfield><subfield code="w">(DLC)sn 83035237</subfield></datafield></record>